@inproceedings{gottschalk1996obbtree,
  title={OBBTree: A hierarchical structure for rapid interference detection},
  author={Gottschalk, Stefan and Lin, Ming C and Manocha, Dinesh},
  booktitle={Proceedings of the 23rd annual conference on Computer graphics and interactive techniques},
  pages={171--180},
  year={1996},
  organization={ACM},
  file = {obbtree:files/p171-gottschalk.pdf}
}

@inproceedings{make_watertight_smith_2010,
	address = {Chattanooga, TN, United States},
	title = {Sealing {Faceted} {Surfaces} to {Achieve} {Watertight} {CAD} {Models}},
	author = {Smith, B.M. and Tautges, T.J. and Wilson, P.P.H.},
	month = oct,
	year = {2010}
}

