
@article{dagmc,
	title = {Acceleration {Techniques} for the {Direct} {Use} of {CAD}-{Based} {Geometry} in {Fusion} {Neutronics} {Analysis}},
	volume = {85},
	number = {10-12},
	journal = {Fusion Engineering and Design},
	author = {Wilson, Paul P.H. and Tautges, Timothy J. and Kraftcheck, Jason A. and Smith, Brandon M. and Henderson, Douglass L.},
	month = dec,
	year = {2010},
	pages = {1759--1765},
	file = {fed_v85_pp1759-1765-Wilson-DAGMC-ISFNT.doc:files/3366/fed_v85_pp1759-1765-Wilson-DAGMC-ISFNT.doc:application/msword;fed_v85_pp1759-1765-Wilson-DAGMC-ISFNT.pdf:files/3877/fed_v85_pp1759-1765-Wilson-DAGMC-ISFNT.pdf:application/pdf}
}